<record><leader>00000cas a22000007a 4500</leader><controlfield tag="001">14634323</controlfield><controlfield tag="008">861104d190019uutxudn ne      0    0eng d</controlfield><datafield ind1=" " ind2=" " tag="010"><subfield code="a">sn 86090187 </subfield></datafield><datafield ind1=" " ind2=" " tag="040"><subfield code="a">PPM</subfield><subfield code="b">eng</subfield><subfield code="c">PPM</subfield><subfield code="d">OCLCQ</subfield></datafield><datafield ind1=" " ind2=" " tag="042"><subfield code="a">msc</subfield></datafield><datafield ind1="0" ind2=" " tag="130"><subfield code="a">Daily herald (Weatherford, Tex.: 1900)</subfield></datafield><datafield ind1="1" ind2="4" tag="245"><subfield code="a">The daily herald.</subfield></datafield><datafield ind1=" " ind2=" " tag="260"><subfield code="a">Weatherford, Tex. :</subfield><subfield code="b">Herald Pub. Co.</subfield></datafield><datafield ind1=" " ind2=" " tag="300"><subfield code="a">v. :</subfield><subfield code="b">ill. ;</subfield><subfield code="c">57 cm.</subfield></datafield><datafield ind1=" " ind2=" " tag="310"><subfield code="a">Daily (except Sun.)</subfield></datafield><datafield ind1="1" ind2=" " tag="362"><subfield code="a">Began in 1900.</subfield><subfield code="z">Cf. NIM, 1985.</subfield></datafield><datafield ind1=" " ind2=" " tag="588"><subfield code="a">Description based on: Vol. 2, no. 1 (Jan. 14, 1901).</subfield></datafield><datafield ind1=" " ind2=" " tag="752"><subfield code="a">United States</subfield><subfield code="b">Texas</subfield><subfield code="c">Parker</subfield><subfield code="d">Weatherford.</subfield></datafield></record>